@article{Suzuki2021,
  author = {Suzuki, Y. and Tanaka, S.C.},
  title = {Functions of the ventromedial prefrontal cortex in emotion regulation under stress},
  journal = {Scientific Reports},
  year = {2021},
  volume = {11},
  pages = {18225},
  doi = {10.1038/s41598-021-97751-0},
  url = {https://doi.org/10.1038/s41598-021-97751-0}
}

@article{Urry2006,
  author = {Urry, Heather L. and van Reekum, Carien M. and Johnstone, Tom and Kalin, Ned H. and Thurow, Marchell E. and Schaefer, Hillary S. and Jackson, Cory A. and Frye, Corrina J. and Greischar, Lawrence L. and Alexander, Andrew L. and Davidson, Richard J.},
  title = {Amygdala and ventromedial prefrontal cortex are inversely coupled during regulation of negative affect and predict the diurnal pattern of cortisol secretion},
  journal = {Journal of Neuroscience},
  year = {2006},
  volume = {26},
  number = {16},
  pages = {4415--4425},
  doi = {10.1523/JNEUROSCI.3215-05.2006},
  url = {https://www.jneurosci.org/content/26/16/4415}
}

